<record><leader>00000cas a22000007a 4500</leader><controlfield tag="001">20389115</controlfield><controlfield tag="008">890925d19781984mnuwr ne      0    0eng d</controlfield><datafield ind1=" " ind2=" " tag="010"><subfield code="a">sn 89064160 </subfield></datafield><datafield ind1=" " ind2=" " tag="040"><subfield code="a">MN#</subfield><subfield code="b">eng</subfield><subfield code="c">MN#</subfield><subfield code="d">OCL</subfield><subfield code="d">OCLCQ</subfield><subfield code="d">OCLCF</subfield><subfield code="d">OCLCO</subfield></datafield><datafield ind1=" " ind2=" " tag="042"><subfield code="a">msc</subfield></datafield><datafield ind1=" " ind2=" " tag="043"><subfield code="a">n-us-mn</subfield></datafield><datafield ind1=" " ind2=" " tag="052"><subfield code="a">4144</subfield><subfield code="b">H64</subfield></datafield><datafield ind1=" " ind2=" " tag="052"><subfield code="a">4143</subfield><subfield code="b">R7</subfield></datafield><datafield ind1="0" ind2=" " tag="130"><subfield code="a">Crescent (Hills, Minn.)</subfield></datafield><datafield ind1="1" ind2="0" tag="245"><subfield code="a">Crescent.</subfield></datafield><datafield ind1="1" ind2="7" tag="246"><subfield code="a">Hills crescent</subfield></datafield><datafield ind1=" " ind2=" " tag="260"><subfield code="a">Hills, Minn. :</subfield><subfield code="b">John H. Minette and Ann K. Brehm,</subfield><subfield code="c">1978-1984.</subfield></datafield><datafield ind1=" " ind2=" " tag="300"><subfield code="a">7 v.</subfield></datafield><datafield ind1=" " ind2=" " tag="310"><subfield code="a">Weekly</subfield></datafield><datafield ind1="0" ind2=" " tag="362"><subfield code="a">Vol. 85, no. 13 (Mar. 30, 1978)-v. 91, issue 22 (May 31, 1984).</subfield></datafield><datafield ind1=" " ind2=" " tag="530"><subfield code="a">Available on microfilm from the Minnesota Historical Society.</subfield></datafield><datafield ind1=" " ind2="0" tag="651"><subfield code="a">Hills (Minn.)</subfield><subfield code="v">Newspapers.</subfield></datafield><datafield ind1=" " ind2="7" tag="655"><subfield code="a">Newspapers.</subfield><subfield code="2">fast</subfield><subfield code="0">(OCoLC)fst01423814</subfield></datafield><datafield ind1=" " ind2="7" tag="651"><subfield code="a">Minnesota</subfield><subfield code="z">Hills.</subfield><subfield code="2">fast</subfield><subfield code="0">(OCoLC)fst01254500</subfield></datafield><datafield ind1=" " ind2=" " tag="752"><subfield code="a">United States</subfield><subfield code="b">Minnesota</subfield><subfield code="c">Rock</subfield><subfield code="d">Hills.</subfield></datafield><datafield ind1="0" ind2="0" tag="780"><subfield code="t">Hills crescent (Hills, Minn. : 1894)</subfield><subfield code="w">(DLC)sn 89064120</subfield></datafield><datafield ind1="0" ind2="0" tag="785"><subfield code="t">Rock County crescent</subfield><subfield code="w">(DLC)sn 84007712</subfield></datafield></record>